@WWW{Lodato19,
  date = {2019-02-04},
  url  = {https://marklodato.github.io/visual-git-guide},
}

@Book{Chacon14,
  title     = {Pro Git, 2nd Edtion},
  publisher = {Apress},
  year      = {2014},
  author    = {Scott Chacon and Ben Straub},
}
