% Encoding: UTF-8

@Manual{thorlabs,
  title  = {Thorlabs Balance Amplified Photodetectors: PDB4xx Series Operation Manual},
  author = {Thorlabs},
  year   = {2014},
}

@Electronic{Johnston17,
  url       = {https://embeddedartistry.com/blog/2017/4/6/circular-buffers-in-cc},
  timestamp = {2018-08-22},
}

@Electronic{Gaspar18,
  url       = {https://www.boost.org/doc/libs/1_68_0/doc/html/circular_buffer.html},
  timestamp = {2018-08-22},
}

@Electronic{Guntheroth18,
  url       = {https://www.codeproject.com/Articles/1185449/Performance-of-a-Circular-Buffer-vs-Vector-Deque-a},
  timestamp = {2018-08-22},
}

@Comment{jabref-meta: databaseType:bibtex;}
