% Encoding: UTF-8



@article{bennett88
author = {Bennett, Charles H. and Brassard, Gilles and Robert, Jean-Marc},
title = {Privacy Amplification by Public Discussion},
year = {1988},
issue_date = {April 1988},
publisher = {Society for Industrial and Applied Mathematics},
address = {USA},
volume = {17},
number = {2},
journal = {SIAM J. Comput.},
pages = {210â€“229}
}




