% Encoding: UTF-8
@article{etsi:015,
  title={ETSI GS QKD 015},
  author={ETSI},
  year={2022},
  publisher={ETSI}
}
